@article{Ameel_etal_2009,
    author = {Ameel, Eef and Malt, Barbara C. and Storms, Gert and Van Assche, Fons},
    year = {2009},
    title = {Semantic convergence in the bilingual lexicon},
    journal = {Journal of Memory and Language},
    volume = {60},
    number = {2},
    pages = {270--290},
    doi = {10.1016/j.jml.2008.10.001}
}

@article{Au_Glusman_1990,
    author = {Au, Terry Kit-Fong and Glusman, Mariana},
    year = {1990},
    title = {The principle of mutual exclusivity in word learning: To honor or not to honor?},
    journal = {Child Development},
    volume = {61},
    number = {5},
    pages = {1474--1490},
    doi = {10.1111/j.1467-8624.1990.tb02876.x}
}

@article{Barnes_Garcia_2013,
    author = {Barnes, Julia and Garcia, Iñaki},
    year = {2013},
    title = {Vocabulary growth and composition in monolingual and bilingual Basque infants and toddlers},
    journal = {International Journal of Bilingualism},
    volume = {17},
    number = {3},
    pages = {357--374},
    doi = {10.1177/1367006912438992}
}

@article{Benedict_1979,
    author = {Benedict, Helen},
    year = {1979},
    title = {Early lexical development: Comprehension and production},
    journal = {Journal of Child Language},
    volume = {6},
    number = {2},
    pages = {183--200},
    doi = {10.1017/S0305000900002245}
}

@article{Benjamini_Yekutieli_2001,
    author = {Benjamini, Yoav and Yekutieli, Daniel},
    year = {2001},
    title = {The control of the false discovery rate in multiple testing under dependency},
    journal = {The Annals of Statistics},
    volume = {29},
    number = {4},
    pages = {1165--1188},
    url = {http://www.jstor.org/stable/2674075}
}

@article{Bergelson_2020,
    author = {Bergelson, Elika},
    year = {2020},
    title = {The comprehension boost in early word learning: Older infants are better learners},
    journal = {Child Development Perspectives},
    volume = {14},
    number = {3},
    pages = {142--149},
    doi = {10.1111/cdep.12373}
}

@article{Bilson_etal_2015,
    author = {Bilson, Samuel and Yoshida, Hanako and Tran, Crystal D. and Woods, Elizabeth A. and Hills, Thomas T.},
    year = {2015},
    title = {Semantic facilitation in bilingual first language acquisition},
    journal = {Cognition},
    volume = {140},
    pages = {122--134},
    doi = {10.1016/j.cognition.2015.03.013}
}

@article{Blewitt_etal_2009,
    author = {Blewitt, Pamela and Rump, Keiran M. and Shealy, Stephanie E. and Cook, Samantha A.},
    year = {2009},
    title = {Shared book reading: When and how questions affect young children's word learning},
    journal = {Journal of Educational Psychology},
    volume = {101},
    number = {2},
    pages = {294–-304},
    doi = {10.1037/a0013844}
}

@article{Bosch_Ramon-Casas_2014,
    author = {Bosch, Laura and Ramon-Casas, Marta},
    year = {2014},
    title = {First translation equivalents in bilingual toddlers’ expressive vocabulary: Does form similarity matter?},
    journal = {International Journal of Behavioral Development},
    volume = {38},
    number = {4},
    pages = {317--322},
    doi = {10.1177/0165025414532559}
}

@article{Bosch_Sebastian-Galles_2001,
    author = {Bosch, Laura and Sebastián-Gallés, Nuria},
    year = {2001},
    title = {Evidence of Early Language Discrimination Abilities in Infants From Bilingual Environments},
    journal = {Infancy},
    volume = {21},
    number = {1},
    pages = {29--49},
    doi = {10.1207/S15327078IN0201_3}
}

@article{Boyce_etal_2013,
    author = {Boyce, Lisa K. and Gillam, Sandra L. and Innocenti, Mark S. and Cook, Gina A. and Ortiz, Eduardo},
    year = {2013},
    title = {An examination of language input and vocabulary development of young Latino dual language learners living in poverty},
    journal = {First Language},
    volume = {33},
    number = {6},
    pages = {572--593},
    doi = {10.1177/0142723713503145}
}

@article{Braginsky_etal_2019,
    author = {Braginsky, Mika and Yurovsky, Daniel and Marchman, Virginia A. and Frank, Michael C.},
    year = {2019},
    title = {Consistency and variability in children’s word learning across languages},
    journal = {Open Mind},
    volume = {2019},
    number = {3},
    pages = {52--67},
    doi = {10.1162/opmi_a_00026}
}

@article{Brent_Siskind_2001,
    author = {Brent, Michael R. and Siskind, Jeffrey Mark},
    year = {2001},
    title = {The role of exposure to isolated words in early vocabulary development},
    journal = {Cognition},
    volume = {81},
    number = {2},
    pages = {B33--B44},
    doi = {10.1016/S0010-0277(01)00122-6}
}

@unpublished{Byers-Heinlein_etal_2021,
	type = {Preprint},
	title = {Six solutions for more reliable infant research},
	author = {Byers-Heinlein, Krista and Bergmann, Christina and Savalei, Victoria},
	year = {2021},
	url = {https://psyarxiv.com/u37fy},
	note = {10.31234/osf.io/u37fy}
}

@article{Byers-Heinlein_etal_2020,
  	author = {Byers-Heinlein, Krista and Schott, Esther and Gonzalez-Barrero, Ana Maria and Brouillard, Melanie and Dubé, Daphnée and Jardak, Amel and
        Laoun-Rubenstein, Alexandra and Mastroberardino, Meghan and Morin-Lessard, Elizabeth and Iliaei, Sadaf Pour and Salama-Siroishka, Nicholas and Tamayo, Maria Paula},
    year = {2020},
  	title = {MAPLE: A Multilingual Approach to Parent Language Estimates},
    journal = {Bilingualism: Language and Cognition},
  	volume = {23},
  	number = {5},
  	pages = {951--957},
    doi = {10.1017/S1366728919000282}
}

@article{Byers-Heinlein_Werker_2009,
  	author = {Byers-Heinlein, Krista and Werker, Janet F.},
    year = {2009},
  	title = {Monolingual, bilingual, trilingual: infants' language experience influences the development of a word-learning heuristic},
    journal = {Developmental Science},
  	volume = {12},
  	number = {5},
  	pages = {815--823},
    doi = {10.1111/j.1467-7687.2009.00902.x}
}

@article{Byers-Heinlein_Werker_2013,
    author = {Byers-Heinlein, Krista and Werker, Janet F.},
    year = {2013},
    title = {Lexicon structure and the disambiguation of novel words: Evidence from bilingual infants},
    journal = {Cognition},
  	volume = {128},
  	number = {3},
  	pages = {407--416},
    doi = {10.1016/j.cognition.2013.05.010}
}

@article{Cristia_etal_2014,
    author = {Cristia, Alejandrina and Seidl, Amanda and Junge, Caroline and Soderstrom, Melanie and Hagoort, Peter},
    year = {2014},
    title = {Predicting individual variation in language from infant speech perception measures},
    journal = {Child Development},
  	volume = {85},
    number = {4},
    pages = {1330--1345},
    doi = {10.1111/cdev.12193}
}


@article{David_Wei_2008,
    author = {David, Annabelle and Wei, Li},
    year = {2008},
    title = {Individual differences in the lexical development of French–English bilingual children},
    journal = {International Journal of Bilingual Education and Bilingualism},
    volume = {11},
    number = {5},
    pages = {598--618},
    doi = {10.1080/13670050802149200}
}

@article{Davidson_Tell_2005,
	author = {Davidson, Denise and Tell, Dina},
    year = {2005},
	title = {Monolingual and bilingual children’s use of mutual exclusivity in the naming of whole objects},
    journal = {Journal of Experimental Child Psychology},
    volume = {92},
    number = {1},
    pages = {25--45},
    doi = {10.1016/j.jecp.2005.03.007}
}

@article{DeHouwer_etal_2006,
    author = {De Houwer, Annick and Bornstein, Marc H. and De Coster, Sandrine},
    year = {2006},
    title = {Early understanding of two words for the same thing: A CDI study of lexical comprehension in infant bilinguals},
    journal = {International Journal of Bilingual},
    volume = {10},
    number = {3},
    pages = {331--347},
    doi = {10.1177/13670069060100030401}
}

@book{Fenson_etal_2007,
  author = {Fenson, Larry and Marchman, Virginia A. and Thal, Donna J. and Dale, Philip S. and Reznick, J. Steven and Bates, Elizabeth},
    year = {2007},
  title = {MacArthur-Bates communicative development inventories (CDIs)},
  edition = {2},
  publisher = {Brookes Publishing},
  address = {Baltimore, MD}
}

@article{Fernald_etal_2013,
    author = {Fernald, Anne and Marchman, Virginia A. and Weisleder, Adriana},
    year = {2013},
    title = {SES differences in language processing skill and vocabulary are evident at 18 monthss},
    journal = {Developmental Science},
    volume = {16},
    pages = {234--248},
    doi = {10.1111/desc.12019}
}

@article{Floccia_etal_2020,
    author = {Floccia, Caroline and Luche, Claire Delle and Lepadatu, Irina and Chow, Janette and Ratnage, Paul and Plunkett, Kim},
    year = {2020},
    title = {Translation equivalent and cross-language semantic priming in bilingual toddlers},
    journal = {Journal of Memory and Language},
    volume = {112},
    pages = {104086},
    doi = {10.1016/j.jml.2019.104086}
}

@article{Frank_etal_2016,
    author = {Frank, Michael C. and Braginsky, Mika and Yurovsky, Daniel and Marchman, Virginia A.},
    year = {2016},
    title = {Wordbank: An open repository for developmental vocabulary data},
    journal = {Journal of Child Language},
    doi = {10.1017/S0305000916000209}
}

@incollection{Gentner_1982,
    author = {Gentner, Dedre},
    year = {1982},
	title = {Why nouns are learned before verbs: Linguistic relativity versus natural partitioning},
	pages = {301--334},
	booktitle = {Language development: Language, thought and culture},
	publisher = {Lawrence Erlbaum Associates},
    address = {Hillsdale, NJ},
	editor = {Kucza, S. A.}
}

@unpublished{Gonzalez-Barrero_2020,
	type = {Preprint},
	title = {Bilingual adjusted vocabulary: A developmentally-informed bilingual vocabulary measure},
	author = {Gonzalez-Barrero, Ana Maria and Schott, Esther and Byers-Heinlein, Krista},
	year = {2020},
	url = {https://psyarxiv.com/x7s4u/},
	note = {10.31234/osf.io/x7s4u}
}

@article{Goodman_etal_2008,
    author = {Goodman, Judith C. and Dale, Philips S. and Li, Ping},
    year = {2008},
    title = {Does frequency count? Parental input and the acquisition of vocabulary},
    journal = {Journal of Child Language},
    volume = {35},
    number = {3},
    pages = {515--531},
    doi = {10.1017/S0305000907008641}
}

@incollection{Grosjean_2016,
    author = {Grosjean, François},
    year = {2016},
	title = {The Complementarity Principle and its impact on processing, acquisition and dominance},
	pages = {66--84},
	booktitle = {Language Dominance in Bilinguals: Issues of Measurement and Operationalization},
	publisher = {Cambridge University Press},
    address = {Cambridge},
	editor = {Silva-Corvalán, Carmen and Treffers-Daller, Jeanine}
}

@article{Halberda_2003,
	author = {Halberda, Justin},
	year = {2003},
	title = {The development of a word-learning strategy},
    journal = {Cognition},
	volume = {87},
	number = {1},
	pages = {B23--B34},
    doi = {10.1016/S0010-0277(02)00186-5}
}

@article{Hoff_2003,
	author = {Hoff, Erika},
	year = {2003},
	title = {The specificity of environmental influence: Socioeconomic status affects early vocabulary development via maternal speech},
    journal = {Child Development},
	volume = {74},
	number = {5},
	pages = {1368--1378},
    doi = {10.1111/1467-8624.00612}
}

@article{Hoff_etal_2012,
	author = {Hoff, Erika and Core, Cynthia and Place, Silvia and Rumiche, Rosario and Señor, Melissa and Parra, Marisol},
	year = {2012},
	title = {Dual language exposure and early bilingual development},
    journal = {Journal of Child Language},
	volume = {39},
	number = {1},
	pages = {1--27},
    doi = {10.1017/S0305000910000759}
}

@article{Holowka_etal_2002,
	author = {Holowka, Siobhan and Brosseau-Lapré, Françoise and Petitto, Laura Ann},
	year = {2002},
	title = {Semantic and Conceptual Knowledge Underlying Bilingual Babies' First Signs and Words},
    journal = {Language Learning},
	volume = {52},
	number = {2},
	pages = {205--262},
    doi = {10.1111/0023-8333.00184}
}

@article{Houston-Price_etal_2010,
	author = {Houston-Price, Carmel and Caloghiris, Zoe and Raviglione, Eleonora},
	year = {2010},
	title = {Language experience shapes the development of the mutual exclusivity bias},
    journal = {Infancy},
	volume = {15},
	number = {2},
	pages = {125--150},
    doi = {10.1111/j.1532-7078.2009.00009.x}
}

@article{Hurtado_etal_2014,
    author = {Hurtado, Nereyda and Grüter, Theres and Marchman, Virginia A. and Fernald, Anne},
    year = {2014},
    title = {Relative language exposure, processing efficiency and vocabulary in Spanish–English bilingual toddler},
    journal = {Bilingualism: Language and Cognition},
    volume = {17},
    number = {1},
    pages = {189--202},
    doi = {10.1017/S136672891300014X}
}

@article{Imedadze_1967,
    author = {Imedadze, Natela V.},
    year = {1967},
    title = {On the psychological nature of child speech formation Under condition of exposure to two languages},
    journal = {International Journal of Psychology},
    volume = {2},
    number = {2},
    pages = {129--132},
    doi = {10.1080/00207596708247209}
}

@article{Jardak_Byers-Heinlein_2019,
    author = {Jardak, Amel and Byers-Heinlein, Krista},
    year = {2019},
    title = {Labels or concepts? The development of semantic networks in bilingual two-year-olds},
    journal = {Child Development},
    volume = {90},
    number = {2},
    pages = {e212--e229},
    doi = {10.1111/cdev.13050}
}

@article{Jared_etal_2012,
    author = {Jared, Debra and Cormier, Pierre and Levy, Betty Ann and Wade-Woolley, Lesly},
    year = {2012},
    title = {Cross-language activation of phonology in young bilingual readers},
    journal = {Reading and Writing},
    volume = {25},
    pages = {1327--1343},
    doi = {10.1007/s11145-011-9320-0}
}

@article{Kremin_etal_2021,
    author = {Kremin, Lena V. and Alves, Julia and Orena, Adriel John and Polka, Linda and Byers-Heinlein, Krista},
    year = {2021},
    title = {Code-switching in parents’ everyday speech to bilingual infants},
    journal = {Journal of Child Language},
    volume = {First View},
    pages = {1--27},
    doi = {10.1017/S0305000921000118}
}

@article{Lanvers_1999,
    author = {Lanvers, Ursula},
    year = {1999},
    title = {Lexical growth patterns in a bilingual infant: The occurrence and significance of equivalents in the bilingual lexicon},
    journal = {International Journal of Bilingual Education and Bilingualism},
    volume = {2},
    number = {1},
    pages = {30--52},
    doi = {10.1080/13670059908666245}
}

@article{Legacy_etal_2016,
	author = {Legacy, Jacqueline and Zesiger, Pascal and Friend, Margaret and Poulin-Dubois, Diane},
	year = {2016},
	title = {Vocabulary size, translation equivalents, and efficiency in word recognition in very young bilinguals},
    journal = {Journal of Child Language},
	volume = {43},
	number = {4},
	pages = {760--783},
    doi = {10.1017/S0305000915000252}
}

@article{Legacy_etal_2017,
	author = {Legacy, Jacqueline and Reider, Jessica and Crivello, Cristina and Kuzyk, Olivia and Friend, Margaret and Zesiger, Pascal and Poulin-Dubois, Diane},
	year = {2017},
	title = {Dog or chien? Translation equivalents in the receptive and expressive vocabularies of young French–English bilinguals},
    journal = {Journal of Child Language},
	volume = {44},
	number = {4},
	pages = {881--904},
    doi = {10.1017/S0305000916000295}
}

@article{Lewis_etal_2020,
    author = {Lewis, Molly and Cristiano, Veronica and Lake, Brenden M. and Kwan, Tammy and Frank, Michael C.},
    year = {2020},
    title = {The role of developmental change and linguistic experience in the mutual exclusivity effect},
    journal = {Cognition},
    volume = {198},
    pages = {104191},
    doi = {10.1016/j.cognition.2020.104191}
}

@article{Malt_Majid_2013,
    author = {Malt, Barbara C. and Majid, Asifa},
    year = {2013},
    title = {How thought is mapped into words},
    journal = {Wiley Interdisciplinary Reviews: Cognitive Science},
    volume = {4},
    number = {6},
    pages = {583--597},
    doi = {10.1002/wcs.1251}
}

@article{Marchman_etal_2010,
    author = {Marchman, Virginia A. and Fernald, Anne and Hurtado, Nereyda},
    year = {2010},
    title = {How vocabulary size in two languages relates to efficiency in spoken word recognition by young Spanish-English bilinguals},
    journal = {Journal of Child Language},
    volume = {37},
    number = {4},
    pages = {817--840},
    doi = {10.1017/S0305000909990055}
}

@article{Markman_Wachtel_1988,
    author = {Markman, Ellen M. and Wachtel, Gwyn F.},
    year = {1988},
    title = {Children's use of mutual exclusivity to constrain the meanings of words},
    journal = {Cognitive Psychology},
    volume = {20},
    number = {2},
    pages = {121--157},
    doi = {10.1016/0010-0285(88)90017-5}
}

@incollection{Markman_1992,
    author = {Markman, Ellen M.},
    year = {1992},
	title = {Constraints on word learning: Speculations about their nature, origins, and domain specificity},
	pages = {59--101},
	booktitle = {The Minnesota symposia on child psychology},
    volume = {25},
	publisher = {Lawrence Erlbaum Associates, Inc.},
    address = {Hillsdale, NJ},
	editor = {Gunnar, M. R. and Maratsos, M.}
}

@article{Markman_1994,
    author = {Markman, Ellen M.},
    year = {1994},
    title = {Constraints on word meaning in early language acquisition},
    journal = {Lingua},
    volume = {92},
    pages = {199--227},
    doi = {10.1016/0024-3841(94)90342-5}
}

@article{Merriman_etal_1989,
    author = {Merriman, William E. and Bowman, Laura L. and MacWhinney, Brian},
    year = {1989},
    title = {The mutual exclusivity bias in children's word learning},
    journal = {Monographs of the Society for Research in Child Development},
    volume = {54},
    number = {3-4},
    pages = {130},
    doi = {10.2307/1166130}
}

@unpublished{Mitchell_etal_2021,
    type = {Poster presented at the 46th Annual Boston University Conference on Language Development, Boston, United States.},
    author = {Mitchell, Lori and Tsui, Rachel Ka-Ying and Byers-Heinlein, Krista},
    title = {Bilingual infants learn cognates more rapidly than non-cognates},
    year = {2021},
    url = {https://www.bu.edu/bucld/files/2021/09/BUCLD46_Abstracts_at-a-glance.pdf}
}

@article{Montanari_2010,
    author = {Montanari, Simona},
    year = {2010},
    title = {Translation equivalents and the emergence of multiple lexicons in early trilingual development},
    journal = {First Language},
    volume = {30},
    number = {1},
    pages = {102--125},
    doi = {10.1177/0142723709350528}
}

@article{Nicoladis_Secco_2000,
    author = {Nicoladis, Elena and Secco, Giovanni},
    year = {2000},
    title = {The role of a child's productive vocabulary in the language choice of a bilingual family},
    journal = {First Language},
    volume = {20},
    number = {58},
    pages = {3--28},
    doi = {10.1177/014272370002005801}
}

@article{Pearson_etal_1993,
    author = {Pearson, Barbara Zurer and Fernández, Sylvia C. and Oller, D. Kimbrough},
    year = {1993},
    title = {Lexical development in bilingual infants and toddlers: Comparison to monolingual norms},
    journal = {Language Learning},
    volume = {43},
    number = {1},
    pages = {93--120},
    doi = {10.1111/j.1467-1770.1993.tb00174.x}
}

@article{Pearson_etal_1995,
    author = {Pearson, Barbara Zurer and Fernández, Sylvia C. and & Oller, D. Kimbrough},
    year = {1995},
    title = {Cross-language synonyms in the lexicons of bilingual infants: One language or two?},
    journal = {Journal of child language},
    volume = {22},
    number = {2},
    pages = {345--368},
    doi = {10.1017/s030500090000982x}
}

@article{Pearson_etal_1997,
    author = {Pearson, Barbara Zurer and Fernández, Sylvia C. and Lewedeg, Vanessa and Oller, D. Kimbrough},
    year = {1997},
    title = {The relation of input factors to lexical learning by bilingual infants},
    journal = {Applied Psycholinguistics},
    volume = {18},
    number = {1},
    pages = {41--58},
    doi = {10.1017/S0142716400009863}
}

@article{Pearson_Fernandez_1994,
    author = {Pearson, Barbara Zurer and Fernández, Sylvia C.},
    year = {1994},
    title = {Patterns of interaction in the lexical growth in two languages of bilingual infants and toddlers},
    journal = {Language Learning},
    volume = {44},
    number = {4},
    pages = {617--653},
    doi = {10.1111/j.1467-1770.1994.tb00633.x}
}

@article{Place_Hoff_2011,
    author = {Place, Silvia and Hoff, Erika},
    year = {2011},
    title = {Properties of dual language exposure that influence 2-year-olds’ bilingual proficiency},
    journal = {Child Development},
    volume = {82},
    number = {6},
    pages = {1834--1849},
    doi = {10.1111/j.1467-8624.2011.01660.x}
}

@article{Poulin-Dubois_etal_2013,
    author = {Poulin-Dubois, Diane and Bialystok, Ellen and Blaye, Agnes and Polonia, Alexandra and Yott, Jessica},
    year = {2013},
    title = {Lexical access and vocabulary development in very young bilinguals},
    journal = {International Journal of Bilingualism},
    volume = {17},
    number = {1},
    pages = {57--70},
    doi = {10.1177/1367006911431198}
}

@article{Poulin-Dubois_etal_2018,
    author = {Poulin-Dubois, Diane and Kuzyk, Olivia and Legacy, Jacqueline and Zesiger, Pascal and Friend, Margaret},
    year = {2018},
    title = {Translation equivalents facilitate lexical access in very young bilinguals},
    journal = {Bilingualism: Language and Cognition},
    volume = {21},
    number = {4},
    pages = {856--866},
    doi = {10.1017/S1366728917000657}
}

@article{Raneri_etal_2020,
    author = {Raneri, Daniele and von Holzen, Katie and Newman, Rochelle and Bernstein Ratner, Nan},
    year = {2020},
    title = {Change in maternal speech rate to preverbal infants over the first two years of life},
    journal = {Journal of Child Language},
    volume = {47},
    number = {6},
    pages = {1263--1275},
    doi = {10.1017/S030500091900093X}
}

@article{Reuter_etal_2018,
    author = {Reuter, Tracy and Emberson, Lauren and Romberg, Alexa and Lew-Williams, Casey},
    year = {2018},
    title = {Individual differences in nonverbal prediction and vocabulary size in infancy},
    journal = {Cognition},
    volume = {176},
    pages = {215--219},
    doi = {10.1016/j.cognition.2018.03.006}
}

@article{Rowe_2012,
    author = {Rowe, Meredith L.},
    year = {2012},
    title = {A longitudinal investigation of the role of quantity and quality of child-directed speech in vocabulary development},
    journal = {Child Development},
    volume = {83},
    number = {5},
    pages = {1762--1774},
    doi = {10.1111/j.1467-8624.2012.01805.x}
}

@article{Schepens_etal_2013,
    author = {Schepens, Job and Dijkstra, Ton and Grootjen, Franc and van Heuven, Walter J. B.},
    year = {2013},
    title = {Cross-language distributions of high frequency and phonetically similar cognates},
    journal = {PLOS ONE},
    volume = {8},
    number = {5},
    pages = {e63006},
    doi = {10.1371/journal.pone.0063006}
}

@article{Singh_2014,
    author = {Singh, Leher},
    year = {2014},
    title = {One world, two languages: Cross-language semantic priming in bilingual toddlers},
    journal = {Child Development},
    volume = {85},
    number = {2},
    pages = {755--766},
    doi = {10.1111/cdev.12133}
}

@article{Storms_etal_2015,
    author = {Storms, Gert and Ameel, Eef and Malt, Barbara C.},
    year = {2015},
    title = {Development of cross-language lexical influence},
    journal = {International Journal of Bilingual Education and Bilingualism},
    volume = {18},
    number = {5},
    pages = {529--547},
    doi = {10.1080/13670050.2015.1027142}
}

@article{Swain_Wesche_1975,
    author = {Swain, Merrill and Wesche, Mari},
    year = {1975},
    title = {Linguistic interaction: Case study of a bilingual Child},
    journal = {Language Sciences},
    volume = {37},
    pages = {17--22}
}

@article{Swingley_Humphrey_2018,
    author = {Swingley, Daniel and Humphrey, Colman},
    year = {2018},
    title = {Quantitative linguistic predictors of infants’ learning of specific English words},
    journal = {Child Development},
    volume = {89},
    number = {4},
    pages = {1247--1267},
    doi = {10.1111/cdev.12731}
}

@article{Tardif_1996,
    author = {Tardif, Twila},
    year = {1996},
    title = {Nouns are not always learned before verbs: Evidence from Mandarin speakers' early vocabularies},
    journal = {Developmental Psychology},
    volume = {32},
    number = {3},
    pages = {492--504},
    doi = {10.1037/0012-1649.32.3.492}
}

@article{Tardif_etal_2008,
    author = {Tardif, Twila and Fletcher, Paul and Liang, Weilan and Zhang, Zhixiang and Kaciroti, Niko and Marchman, Virginia A.},
    year = {2008},
    title = {Baby's first 10 words},
    journal = {Developmental Psychology},
    volume = {44},
    number = {4},
    pages = {929--938},
    doi = {10.1037/0012-1649.44.4.929}
}

@article{Trudeau_etal_1999,
    author = {Trudeau, Natacha and Frank, Ilana and Poulin-Dubois, Diane},
    year = {1999},
    title = {Une adaptation en français québecois du MacArthur Communicative Development Inventory [A Quebec French adaptation of the MacArthur Communicative Development Inventory]},
    journal = {Revue d’orthophonie et d’audiologie},
    volume = {23},
    pages = {31--73}
}

@article{Umbel_etal_1992,
    author = {Umbel, Vivian M. and Pearson, Barbara Z. and Fernández, María C. and Oller, D. K.},
    year = {1992},
    title = {Measuring bilingual children's receptive vocabularies},
    journal = {Child Development},
    volume = {63},
    number = {4},
    pages = {1012--1020},
    doi = {10.1111/j.1467-8624.1992.tb01678.x}
}

@incollection{Unsworth_2016,
    author = {Unsworth, Sharon},
    year = {2016},
	title = {Quantity and quality of language input in bilingual language development},
	pages = {103--122},
	booktitle = {Bilingualism across the lifespan},
	publisher = {De Gruyter Mouton},
  address = {Berlin},
	editor = {Nicoladis, E. and Montanari, S.}
}

@article{Volterra_Taeschner_1978,
    author = {Volterra, Virginia and Taeschner, Traute},
    year = {1978},
    title = {The acquisition and development of language by bilingual children},
    journal = {Journal of Child Language},
    volume = {5},
    pages = {311--326},
    doi = {10.1017/S0305000900007492}
}

@article{Weisleder_Fernald_2013,
    author = {Weisleder, Adriana and Fernald, Anne},
    year = {2013},
    title = {Talking to children matters: Early language experience strengthens processing and builds vocabulary},
    journal = {Psychological Science},
    volume = {24},
    number = {11},
    pages = {2143--2152},
    doi = {10.1177/0956797613488145}
}

@article{White_etal_2020,
    author = {White, Anne and Malt, Barbara C. and Verheyen, Steven and Storms, Gert},
    year = {2020},
    title = {Language-specificity in monolingual and bilingual later lexical development},
    journal = {Language Learning and Development},
    volume = {16},
    number = {4},
    pages = {309--329},
    doi = {10.1080/15475441.2020.1769632}
}

@article{Yu_Smith_2012,
    author = {Yu, Chen and Smith, Linda},
    year = {2012},
    title = {Embodied attention and word learning by toddlers},
    journal = {Cognition},
    volume = {125},
    number = {2},
    pages = {244--262},
    doi = {10.1016/j.cognition.2012.06.016}
}
